@article{TextCNN,
  author       = {Armand Joulin and
                  Edouard Grave and
                  Piotr Bojanowski and
                  Tom{\'{a}}s Mikolov},
  title        = {Bag of Tricks for Efficient Text Classification},
  journal      = {CoRR},
  volume       = {abs/1607.01759},
  year         = {2016},
  url          = {http://arxiv.org/abs/1607.01759},
  eprinttype    = {arXiv},
  eprint       = {1607.01759},
  timestamp    = {Mon, 28 Dec 2020 11:31:01 +0100},
  biburl       = {https://dblp.org/rec/journals/corr/JoulinGBM16.bib},
  bibsource    = {dblp computer science bibliography, https://dblp.org}
}
@article{BERT,
  author       = {Jacob Devlin and
                  Ming{-}Wei Chang and
                  Kenton Lee and
                  Kristina Toutanova},
  title        = {{BERT:} Pre-training of Deep Bidirectional Transformers for Language
                  Understanding},
  journal      = {CoRR},
  volume       = {abs/1810.04805},
  year         = {2018},
  url          = {http://arxiv.org/abs/1810.04805},
  eprinttype    = {arXiv},
  eprint       = {1810.04805},
  timestamp    = {Tue, 30 Oct 2018 20:39:56 +0100},
  biburl       = {https://dblp.org/rec/journals/corr/abs-1810-04805.bib},
  bibsource    = {dblp computer science bibliography, https://dblp.org}
}
@article{KBERT,
  author       = {Weijie Liu and
                  Peng Zhou and
                  Zhe Zhao and
                  Zhiruo Wang and
                  Qi Ju and
                  Haotang Deng and
                  Ping Wang},
  title        = {{K-BERT:} Enabling Language Representation with Knowledge Graph},
  journal      = {CoRR},
  volume       = {abs/1909.07606},
  year         = {2019},
  url          = {http://arxiv.org/abs/1909.07606},
  eprinttype    = {arXiv},
  eprint       = {1909.07606},
  timestamp    = {Thu, 20 Aug 2020 16:08:23 +0200},
  biburl       = {https://dblp.org/rec/journals/corr/abs-1909-07606.bib},
  bibsource    = {dblp computer science bibliography, https://dblp.org}
}
@article{BWS,
  author       = {Svetlana Kiritchenko and
                  Saif M. Mohammad},
  title        = {Best-Worst Scaling More Reliable than Rating Scales: {A} Case Study
                  on Sentiment Intensity Annotation},
  journal      = {CoRR},
  volume       = {abs/1712.01765},
  year         = {2017},
  url          = {http://arxiv.org/abs/1712.01765},
  eprinttype    = {arXiv},
  eprint       = {1712.01765},
  timestamp    = {Mon, 13 Aug 2018 16:48:44 +0200},
  biburl       = {https://dblp.org/rec/journals/corr/abs-1712-01765.bib},
  bibsource    = {dblp computer science bibliography, https://dblp.org}
}
@inproceedings{HanLP,
    title = "The Stem Cell Hypothesis: Dilemma behind Multi-Task Learning with Transformer Encoders",
    author = "He, Han and Choi, Jinho D.",
    booktitle = "Proceedings of the 2021 Conference on Empirical Methods in Natural Language Processing",
    month = nov,
    year = "2021",
    address = "Online and Punta Cana, Dominican Republic",
    publisher = "Association for Computational Linguistics",
    url = "https://aclanthology.org/2021.emnlp-main.451",
    pages = "5555--5577"
}
@misc{UIE,
      title={Unified Structure Generation for Universal Information Extraction}, 
      author={Yaojie Lu and Qing Liu and Dai Dai and Xinyan Xiao and Hongyu Lin and Xianpei Han and Le Sun and Hua Wu},
      year={2022},
      eprint={2203.12277},
      archivePrefix={arXiv}
}
@misc{LLMsurvey,
      title={A Survey on Self-Evolution of Large Language Models}, 
      author={Zhengwei Tao and Ting-En Lin and Xiancai Chen and Hangyu Li and Yuchuan Wu and Yongbin Li and Zhi Jin and Fei Huang and Dacheng Tao and Jingren Zhou},
      year={2024},
      eprint={2404.14387},
      archivePrefix={arXiv}
}
@misc{agentgym,
      title={AgentGym: Evolving Large Language Model-based Agents across Diverse Environments}, 
      author={Zhiheng Xi and Yiwen Ding and Wenxiang Chen and Boyang Hong and Honglin Guo and Junzhe Wang and Dingwen Yang and Chenyang Liao and Xin Guo and Wei He and Songyang Gao and Lu Chen and Rui Zheng and Yicheng Zou and Tao Gui and Qi Zhang and Xipeng Qiu and Xuanjing Huang and Zuxuan Wu and Yu-Gang Jiang},
      year={2024},
      eprint={2406.04151},
      archivePrefix={arXiv}
}